creamsoda@creamsoda.11602:1521475321